Automatically generated by Mendeley Desktop 1.13.8
Any changes to this file will be lost if it is regenerated by Mendeley.

BibTeX export options can be customized via Options -> BibTeX in Mendeley Desktop

@inproceedings{Filipe2014,
address = {Lisbon},
author = {Filipe, S$\backslash$'\{i\}lvio and Alexandre, Lu$\backslash$'\{i\}s Alexandre},
booktitle = {International Conference on Computer Vision Theory and Applications},
file = {:home/smichaud/.local/share/data/Mendeley Ltd./Mendeley Desktop/Downloaded/Filipe, Alexandre - 2014 - A Comparative Evaluation of 3D Keypoint Detectors in a RGB-D Object Dataset.pdf:pdf},
isbn = {9789897580031},
keywords = {00\_Good,PointCloudFeatures},
mendeley-tags = {00\_Good,PointCloudFeatures},
pages = {145--148},
title = {{A Comparative Evaluation of 3D Keypoint Detectors in a RGB-D Object Dataset}},
year = {2014}
}
@article{Mcdaniel2012,
annote = {A more precise version of my ground/tree segmentation from pointcloud},
author = {Mcdaniel, Matthew W and Nishihata, Takayuki and Brooks, Christopher A and Salesses, Phil and Iagnemma, Karl},
doi = {10.1002/rob},
file = {:home/smichaud/.local/share/data/Mendeley Ltd./Mendeley Desktop/Downloaded/Mcdaniel et al. - 2012 - Terrain Classification and Identification of Tree Stems Using Ground-based LiDAR.pdf:pdf},
journal = {Journal of Field Robotics},
keywords = {000\_VeryGood,MachineLearning,SensorRange},
mendeley-tags = {000\_VeryGood,MachineLearning,SensorRange},
number = {6},
pages = {891--910},
title = {{Terrain Classification and Identification of Tree Stems Using Ground-based LiDAR}},
volume = {29},
year = {2012}
}
@inproceedings{Steder2002,
address = {San Francisco},
annote = {First part is almost a blueprint of the last article (Robust place recognition for 3D range data based on point features)},
author = {Steder, Bastian and Ruhnke, Michael and Grzonka, Slawomir and Wolfram, Burgard},
booktitle = {IEEE/RSJ International Conference on Intelligent Robots and Systems (IROS)},
file = {:home/smichaud/.local/share/data/Mendeley Ltd./Mendeley Desktop/Downloaded/Steder et al. - 2011 - Place recognition in 3D scans using a combination of bag of words and point feature based relative pose estimatio.pdf:pdf},
keywords = {0000\_Tagged,000\_VeryGood,BibTeX,Localization,PlaceRecognition,PointCloudFeatures,SLAM,SensorRange,bookmarks,collaborative tagging,folksonomy,knowledge management,publication management},
mendeley-tags = {0000\_Tagged,000\_VeryGood,Localization,PlaceRecognition,PointCloudFeatures,SLAM,SensorRange},
pages = {1249--1255},
publisher = {IEEE},
title = {{Place recognition in 3D scans using a combination of bag of words and point feature based relative pose estimation}},
url = {http://www.bibsonomy.org/bibtex/2937636c42d209619e77c4b3b8a16cb30/dblp},
year = {2011}
}
